<collection xmlns="http://www.loc.gov/MARC21/slim">
<record>
  <leader>01492nam0a22003011i 450 </leader>
  <controlfield tag="001">IT\ICCU\CNCE\068656</controlfield>
  <controlfield tag="005">20110907000000.0</controlfield>
  <datafield tag="100" ind1=" " ind2=" ">
    <subfield code="a">20061025d1549        0itac0103    ba</subfield>
  </datafield>
  <datafield tag="101" ind1=" " ind2=" ">
    <subfield code="a">GRE</subfield>
  </datafield>
  <datafield tag="102" ind1=" " ind2=" ">
    <subfield code="a">IT</subfield>
  </datafield>
  <datafield tag="200" ind1="1" ind2=" ">
    <subfield code="a">Istoria ton gynaikon, ton kalon, kai ton kakon</subfield>
  </datafield>
  <datafield tag="210" ind1=" " ind2=" ">
    <subfield code="e">In Vinegia</subfield>
    <subfield code="g">per Pietro de Nicolini da Sabio</subfield>
    <subfield code="g">ad instantia de messer Damian de Santa Maria</subfield>
    <subfield code="h">1549</subfield>
  </datafield>
  <datafield tag="215" ind1=" " ind2=" ">
    <subfield code="a">\8! c.</subfield>
    <subfield code="d">8ʻ</subfield>
  </datafield>
  <datafield tag="300" ind1=" " ind2=" ">
    <subfield code="a">Se posseduta rischedare.Per l&apos;autore cfr:. Annali tipografici, Venezia 1521-1551. A cura di Lorenzo Carpan,̈ p. 224</subfield>
  </datafield>
  <datafield tag="620" ind1=" " ind2=" ">
    <subfield code="a">IT</subfield>
    <subfield code="d">Venezia</subfield>
  </datafield>
  <datafield tag="700" ind1=" " ind2="1">
    <subfield code="a">Ventramos,</subfield>
    <subfield code="b">Tzanes</subfield>
    <subfield code="3">IT\ICCU\CNCA\027399</subfield>
  </datafield>
  <datafield tag="712" ind1="0" ind2="0">
    <subfield code="a">Nicolini da Sabbio, Pietro</subfield>
    <subfield code="3">IT\ICCU\CNCT\000059</subfield>
    <subfield code="4">650</subfield>
  </datafield>
  <datafield tag="712" ind1="0" ind2="0">
    <subfield code="a">Santa Maria, Damiano</subfield>
    <subfield code="3">IT\ICCU\CNCT\000677</subfield>
    <subfield code="4">650</subfield>
  </datafield>
  <datafield tag="790" ind1=" " ind2="1">
    <subfield code="a">Bentramos,</subfield>
    <subfield code="b">Tzanes</subfield>
    <subfield code="3">IT\ICCU\CNCA\028448</subfield>
    <subfield code="z">Ventramos, Tzanes</subfield>
  </datafield>
  <datafield tag="790" ind1=" " ind2="1">
    <subfield code="a">Ventramos,</subfield>
    <subfield code="b">Jean</subfield>
    <subfield code="3">IT\ICCU\CNCA\028449</subfield>
    <subfield code="z">Ventramos, Tzanes</subfield>
  </datafield>
  <datafield tag="790" ind1=" " ind2="1">
    <subfield code="a">Ventramos,</subfield>
    <subfield code="b">Zane</subfield>
    <subfield code="3">IT\ICCU\CNCA\028450</subfield>
    <subfield code="z">Ventramos, Tzanes</subfield>
  </datafield>
  <datafield tag="790" ind1=" " ind2="1">
    <subfield code="a">Ventramos,</subfield>
    <subfield code="b">Tzane</subfield>
    <subfield code="3">IT\ICCU\CNCA\028451</subfield>
    <subfield code="z">Ventramos, Tzanes</subfield>
  </datafield>
  <datafield tag="790" ind1=" " ind2="1">
    <subfield code="a">Vendramin,</subfield>
    <subfield code="b">Tzanes</subfield>
    <subfield code="3">IT\ICCU\CNCA\028452</subfield>
    <subfield code="z">Ventramos, Tzanes</subfield>
  </datafield>
  <datafield tag="791" ind1="0" ind2="0">
    <subfield code="a">Nicolini, Pietro</subfield>
    <subfield code="3">IT\ICCU\CNCT\005122</subfield>
    <subfield code="z">Nicolini da Sabbio, Pietro</subfield>
  </datafield>
  <datafield tag="791" ind1="0" ind2="0">
    <subfield code="a">Nicolinis de Sabio, Petrus de</subfield>
    <subfield code="3">IT\ICCU\CNCT\005123</subfield>
    <subfield code="z">Nicolini da Sabbio, Pietro</subfield>
  </datafield>
  <datafield tag="791" ind1="0" ind2="0">
    <subfield code="a">Nicolinis Sabiensis, Petrus de</subfield>
    <subfield code="3">IT\ICCU\CNCT\005124</subfield>
    <subfield code="z">Nicolini da Sabbio, Pietro</subfield>
  </datafield>
  <datafield tag="791" ind1="0" ind2="0">
    <subfield code="a">Sancta Maria, Damianus de</subfield>
    <subfield code="3">IT\ICCU\CNCT\005559</subfield>
    <subfield code="z">Santa Maria, Damiano</subfield>
  </datafield>
  <datafield tag="801" ind1=" " ind2="3">
    <subfield code="a">IT</subfield>
    <subfield code="b">ICCU</subfield>
    <subfield code="c">20201115</subfield>
  </datafield>
</record>
</collection>
